@mastersthesis{Burkett02,
  author ={K. Burkett},
  title = {Logistic Regression with Missing Haplotypes},
  school = {{S}tatistics and {A}ctuarial {S}cience: {S}imon {F}raser {U}niversity},
  year = {2002},
}

@article{Burkett04,
 author = {K. Burkett and B. McNeney and J. Graham},
  title = {A Note on Inference of Trait Associations with {SNP} Haplotypes
           and Other Attributes in Generalized Linear Models},
  journal = {Human Heredity},
  volume = {57},
  pages = {200--206},
  year = {2004},
}	

@Article{Dempster77,
  author = 	 {A. P. Dempster and N. M. Laird and D. B. Rubin},
  title = 	 {Maximum Likelihood from Incomplete Data via the {EM}
                  Algorithm},
  journal = 	 {Journal of the Royal Statistical Society B},
  year = 	 {1977},
  volume = 	 {39},
  pages = 	 {1--38},
  note =	 {with discussion}
}

@Article{HortonLaird99,
  author = 	 {N. J. Horton and N. M. Laird},
  title = 	 {Maximum Likelihood Analysis of Generalized Linear Models
                  with Missing Covariates},
  journal = 	 {Statistical Methods in Medical Research},
  year = 	 {1999},
  volume = 	 {8},
  pages = 	 {37--50},
}

@Article{Ibrahim90,
  author = 	 {J. G. Ibrahim},
  title = 	 {Incomplete Data in Generalized Linear Models},
  journal = 	 {Journal of the American Statistical Association},
  year = 	 {1990},
  volume = 	 {85},
  pages = 	 {765--769},
}

@article{Lake03,
  author = {S. L. Lake and H. Lyon and K. Tantisira and E. K. Silverman
            and S. T. Weiss and N. M. Laird and D. J. Schaid},
  year = {2003},
  title = {Estimation and Tests of Haplotype-Environment Interaction
           when Linkage Phase is Ambiguous},
  volume= {55},
  journal = {Human Heredity},
  pages = {56--65},
}

@Article{LipsitzIbrahim96,
  author = 	 {S. R. Lipsitz and J. G. Ibrahim},
  title = 	 {A Conditional Model for Incomplete Covariates in Parametric
                  Regression Models},
  journal = 	 {Biometrika},
  year = 	 {1996},
  volume = 	 {83},
  pages = 	 {916--922},
}

@Article{Louis82,
  author = 	 {T. A. Louis},
  title = 	 {Finding the Observed Information Matrix when Using
                  the {EM} Algorithm},
  journal = 	 {Journal of the Royal Statistical Society B},
  year = 	 {1982},
  volume = 	 {44},
  pages = 	 {226--233},
}

@book{McCullaghNelder83,
   author = {P. Mc{C}ullagh and J. A. Nelder},
   year = {1983},
   title = { Generalized Linear Models},
   publisher = {Chapman and Hall},
   address = {London},
}

@Article{Schaid02,
  author = 	 {D. J. Schaid and C. M. Rowland and D. E. Tines and
                  R. M. Jacobson and G. A. Poland},
  title = 	 {Score Tests for Association Between Traits and Haplotypes 
                  when Linkage Phase is Ambiguous},
  journal = 	 {American Journal of Human Genetics},
  year = 	 {2002},
  volume = 	 {70},
  pages = 	 {425--434},
}

